@comment{{Generated by makefile}}

@string{USA = ""}
@string{UK = ", {UK}"}
@string{Austria = ", {A}ustria"}
@string{Canada = ", {C}anada"}
@string{AL = ", {AL}" # USA}
@string{AK = ", {AK}" # USA}
@string{AZ = ", {AZ}" # USA}
@string{AR = ", {AR}" # USA}
@string{CA = ", {CA}" # USA}
@string{CO = ", {CO}" # USA}
@string{CT = ", {CT}" # USA}
@string{DE = ", {DE}" # USA}
@string{DC = ", {DC}" # USA}
@string{FL = ", {FL}" # USA}
@string{GA = ", {GA}" # USA}
@string{HI = ", {HI}" # USA}
@string{ID = ", {ID}" # USA}
@string{IL = ", {IL}" # USA}
@string{IN = ", {IN}" # USA}
@string{IA = ", {IA}" # USA}
@string{KS = ", {KS}" # USA}
@string{KY = ", {KY}" # USA}
@string{LA = ", {LA}" # USA}
@string{ME = ", {ME}" # USA}
@string{MD = ", {MD}" # USA}
@string{MA = ", {MA}" # USA}
@string{MI = ", {MI}" # USA}
@string{MN = ", {MN}" # USA}
@string{MS = ", {MS}" # USA}
@string{MO = ", {MO}" # USA}
@string{MT = ", {MT}" # USA}
@string{NE = ", {NE}" # USA}
@string{NV = ", {NV}" # USA}
@string{NH = ", {NH}" # USA}
@string{NJ = ", {NJ}" # USA}
@string{NM = ", {NM}" # USA}
@string{NY = ", {NY}" # USA}
@string{NC = ", {NC}" # USA}
@string{ND = ", {ND}" # USA}
@string{OH = ", {OH}" # USA}
@string{OK = ", {OK}" # USA}
@string{OR = ", {OR}" # USA}
@string{PA = ", {PA}" # USA}
@string{RI = ", {RI}" # USA}
@string{SC = ", {SC}" # USA}
@string{SD = ", {SD}" # USA}
@string{TN = ", {TN}" # USA}
@string{TX = ", {TX}" # USA}
@string{UT = ", {UT}" # USA}
@string{VT = ", {VT}" # USA}
@string{VA = ", {VA}" # USA}
@string{WA = ", {WA}" # USA}
@string{WV = ", {WV}" # USA}
@string{WI = ", {WI}" # USA}
@string{WY = ", {WY}" # USA}
@string{aBoltonLanding = "Bolton Landing" # NY}
@string{aBrighton = "Brighton" # UK}
@string{aCambridge = "Cambridge" # MA},
@string{aGoddard = "Goddard" # MD}
@string{aLakeLouise = "Lake Louise" # Canada}
@string{aLondon = "London" # UK}
@string{aMonterey = "Monterey" # CA}
@string{aSanDiego = "San Diego" # CA}
@string{aSanFrancisco = "San Francisco" # CA}
@string{aSanJose = "San Jose" # CA}
@string{aSeattle = "Seattle" # WA}
@string{aStevenson = "Stevenson" # WA}
@string{aVienna = "Vienna" # Austria}
@string{oACM = "{ACM}"}
@string{oIEEE = "{IEEE}"}
@string{oUSENIX = "{USENIX}"}
@string{pSpringer = "{S}pringer"}
@string{sLNCS = "{L}ecture {N}otes in {C}omputer {S}cience"}
@string{the = "The "}
@string{procofthe = "Proceedings of the "}
@string{FAST = "{USENIX} {C}onference on {F}ile and {S}torage {T}echnologies"}
@string{FAST02 = "1st " # FAST # " ({FAST} '02)"}
@string{FAST08 = "6th " # FAST # " ({FAST} '08)"}
@string{FAST09 = "7th " # FAST # " ({FAST} '09)"}
@string{ICDCS = "{I}nternational {C}onference on {D}istributed {C}omputing {S}ystems"}
@string{ICDCS02 = "22nd " # ICDCS # " ({ICDCS} '02)"}
@string{IFL = "{I}mplementation of {F}unctional {L}anguages"}
@string{IFL98 = "10th International Workshop on the " # IFL # " ({IFL} '98)"}
@string{MSS = "{S}ymposium on {M}ass {S}torage {S}ystems"}
@string{MSS99 = "16th " # MSS # " ({MSS} '99)"}
@string{MSS04 = "21st " # MSS # " ({MSS} '04)"}
@string{OSDI = "{USENIX} {S}ymposium on {O}perating {S}ystems {D}esign and {I}mplementation"}
@string{OSDI02 = "5th " # OSDI # " ({OSDI} '02)"}
@string{OSDI06 = "7th " # OSDI # " ({OSDI} '06)"}
@string{OSDI08 = "8th " # OSDI # " ({OSDI} '08)"}
@string{SOSP = "{ACM} {S}ymposium on {O}perating {S}ystems {P}rinciples"}
@string{SOSP01 = "18th " # SOSP # " ({SOSP} '01)"}
@string{SOSP03 = "19th " # SOSP # " ({SOSP} '03)"}
@string{SOSP05 = "20th " # SOSP # " ({SOSP} '05)"}
@string{SOSP07 = "21st " # SOSP # " ({SOSP} '07)"}
@string{WSS = "{USENIX} {W}indows {S}ystems {S}ymposium"}
@string{WSS00 = "4th " # WSS # " ({WSS} '00)"}
